<record><leader>00000cas a22000007a 4500</leader><controlfield tag="001">9398155</controlfield><controlfield tag="008">830411d19041917iludn ne      0    0hrv d</controlfield><datafield ind1=" " ind2=" " tag="010"><subfield code="a">sn 83045279 </subfield></datafield><datafield ind1=" " ind2=" " tag="040"><subfield code="a">CRL</subfield><subfield code="b">eng</subfield><subfield code="c">CRL</subfield><subfield code="d">NPW</subfield><subfield code="d">NPV</subfield><subfield code="d">NPH</subfield><subfield code="d">YOX</subfield><subfield code="d">CRL</subfield><subfield code="d">OCLCQ</subfield><subfield code="d">OCLCF</subfield><subfield code="d">OCLCO</subfield></datafield><datafield ind1="1" ind2=" " tag="029"><subfield code="a">AU@</subfield><subfield code="b">000025811569</subfield></datafield><datafield ind1=" " ind2=" " tag="042"><subfield code="a">msc</subfield></datafield><datafield ind1=" " ind2=" " tag="043"><subfield code="a">n-us-il</subfield></datafield><datafield ind1="0" ind2="0" tag="245"><subfield code="a">Hrvatska zastava =</subfield><subfield code="b">Croatian flag.</subfield></datafield><datafield ind1="3" ind2="1" tag="246"><subfield code="a">Croatian flag</subfield></datafield><datafield ind1=" " ind2=" " tag="260"><subfield code="a">Chicago, Ill. :</subfield><subfield code="b">Croatian Newspaper Assn.</subfield></datafield><datafield ind1=" " ind2=" " tag="300"><subfield code="a">v.</subfield></datafield><datafield ind1=" " ind2=" " tag="310"><subfield code="a">Daily (except Sun. and legal holidays),</subfield><subfield code="b">Apr. 23, 1914-</subfield></datafield><datafield ind1=" " ind2=" " tag="321"><subfield code="a">Weekly</subfield></datafield><datafield ind1="1" ind2=" " tag="362"><subfield code="a">Began in 1904.</subfield></datafield><datafield ind1="0" ind2=" " tag="362"><subfield code="a">-g. 14, br. 253 (1 stud. 1917).</subfield></datafield><datafield ind1=" " ind2=" " tag="500"><subfield code="a">"Neodvisno narodno iradnicko glasilo za hrvate u Americi."</subfield></datafield><datafield ind1=" " ind2=" " tag="500"><subfield code="a">Publisher: M. Crescanin, &lt;Jan. 8-Feb. 12, 1914&gt;; Croatian Printing Co. Inc., &lt;Feb. 19, 1914-&gt;.</subfield></datafield><datafield ind1=" " ind2=" " tag="530"><subfield code="a">Also issued on microfilm from the University of Minnesota.</subfield></datafield><datafield ind1=" " ind2=" " tag="546"><subfield code="a">In Serbo-Croatian (Roman).</subfield></datafield><datafield ind1=" " ind2=" " tag="580"><subfield code="a">Merged with: Hrvatski svijet (New York, N.Y. : 1908), and: Slovenski svet, to form: Jugoslovenski svijet.</subfield></datafield><datafield ind1=" " ind2=" " tag="588"><subfield code="a">Description based on: G. 2, br. 31 (Aug. 3, 1905).</subfield></datafield><datafield ind1=" " ind2="0" tag="650"><subfield code="a">Croatian Americans</subfield><subfield code="z">Illinois</subfield><subfield code="z">Chicago</subfield><subfield code="v">Newspapers.</subfield></datafield><datafield ind1=" " ind2="4" tag="651"><subfield code="a">Chicago (Ill.)</subfield><subfield code="v">Newspapers.</subfield></datafield><datafield ind1=" " ind2="7" tag="655"><subfield code="a">Newspapers.</subfield><subfield code="2">fast</subfield><subfield code="0">(OCoLC)fst01423814</subfield></datafield><datafield ind1=" " ind2="7" tag="650"><subfield code="a">Croatian Americans.</subfield><subfield code="2">fast</subfield><subfield code="0">(OCoLC)fst00883782</subfield></datafield><datafield ind1=" " ind2="7" tag="651"><subfield code="a">Illinois</subfield><subfield code="z">Chicago.</subfield><subfield code="2">fast</subfield><subfield code="0">(OCoLC)fst01204048</subfield></datafield><datafield ind1="1" ind2=" " tag="700"><subfield code="a">Crescanin, Matija.</subfield></datafield><datafield ind1=" " ind2=" " tag="752"><subfield code="a">United States</subfield><subfield code="b">Illinois</subfield><subfield code="c">Cook</subfield><subfield code="d">Chicago.</subfield></datafield><datafield ind1="1" ind2="7" tag="785"><subfield code="t">Hrvatski svijet (New York, N.Y. : 1908)</subfield><subfield code="w">(DLC)sn 83045249</subfield><subfield code="w">(OCoLC)9377735</subfield></datafield><datafield ind1="1" ind2="7" tag="785"><subfield code="t">Slovenski svet</subfield></datafield><datafield ind1="1" ind2="7" tag="785"><subfield code="t">Jugoslovenski svijet</subfield><subfield code="w">(DLC)sn 83045206</subfield><subfield code="w">(OCoLC)9353702</subfield></datafield></record>